<?xml version="1.0" encoding="UTF-8"?>
<marc:records xmlns:marc="http://www.loc.gov/MARC21/slim" xmlns:xsi="http://www.w3.org/2001/XMLSchema-instance" xsi:schemaLocation="http://www.loc.gov/MARC21/slim http://www.loc.gov/standards/marcxml/schema/MARC21slim.xsd">
  <marc:record>
    <marc:leader>03060ctm a2200553 a 4500</marc:leader>
    <marc:controlfield tag="001">9960730973503681</marc:controlfield>
    <marc:controlfield tag="005">20221115110809.0</marc:controlfield>
    <marc:controlfield tag="008">131217q18281830th      o     000 p tha d</marc:controlfield>
    <marc:datafield ind1=" " ind2=" " tag="035">
  <marc:subfield code="a">(OCoLC)ocn865505681</marc:subfield>
</marc:datafield>
    <marc:datafield ind1=" " ind2=" " tag="035">
  <marc:subfield code="a">(OCoLC)865505681</marc:subfield>
</marc:datafield>
    <marc:datafield ind1=" " ind2=" " tag="035">
  <marc:subfield code="a">(PU)6073097-penndb-Voyager</marc:subfield>
</marc:datafield>
    <marc:datafield ind1=" " ind2=" " tag="040">
  <marc:subfield code="a">PAULM</marc:subfield>
  <marc:subfield code="b">eng</marc:subfield>
  <marc:subfield code="c">PAULM</marc:subfield>
  <marc:subfield code="d">PAULM</marc:subfield>
</marc:datafield>
    <marc:datafield ind1=" " ind2=" " tag="049">
  <marc:subfield code="a">PAUM</marc:subfield>
</marc:datafield>
    <marc:datafield ind1=" " ind2=" " tag="079">
  <marc:subfield code="a">ocn865505552</marc:subfield>
</marc:datafield>
    <marc:datafield ind1=" " ind2="9" tag="099">
  <marc:subfield code="a">Penn Museum 97-122-248</marc:subfield>
</marc:datafield>
    <marc:datafield ind1="0" ind2=" " tag="100">
  <marc:subfield code="a">Sunthō̜n Phū,</marc:subfield>
  <marc:subfield code="d">1786-1855.</marc:subfield>
  <marc:subfield code="0">http://id.loc.gov/authorities/names/n85192442</marc:subfield>
</marc:datafield>
    <marc:datafield ind1="1" ind2="0" tag="245">
  <marc:subfield code="6">880-01</marc:subfield>
  <marc:subfield code="a">Phra ʻAphaimanī.</marc:subfield>
  <marc:subfield code="n">Book 6,</marc:subfield>
  <marc:subfield code="f">1828-1830?</marc:subfield>
</marc:datafield>
    <marc:datafield ind1=" " ind2=" " tag="300">
  <marc:subfield code="a">1</marc:subfield>
  <marc:subfield code="f">item (57 folios) :</marc:subfield>
  <marc:subfield code="b">paper ;</marc:subfield>
  <marc:subfield code="c">11 x 34 cm</marc:subfield>
</marc:datafield>
    <marc:datafield ind1=" " ind2=" " tag="336">
  <marc:subfield code="a">text</marc:subfield>
  <marc:subfield code="b">txt</marc:subfield>
  <marc:subfield code="2">rdacontent</marc:subfield>
</marc:datafield>
    <marc:datafield ind1=" " ind2=" " tag="337">
  <marc:subfield code="a">computer</marc:subfield>
  <marc:subfield code="2">rdamedia</marc:subfield>
</marc:datafield>
    <marc:datafield ind1=" " ind2=" " tag="338">
  <marc:subfield code="a">online resource</marc:subfield>
  <marc:subfield code="2">rdacarrier</marc:subfield>
</marc:datafield>
    <marc:datafield ind1=" " ind2=" " tag="500">
  <marc:subfield code="a">Written in 8 lines per folio.</marc:subfield>
</marc:datafield>
    <marc:datafield ind1=" " ind2=" " tag="500">
  <marc:subfield code="a">Covers with a border formed of additional layers of heavy paper.</marc:subfield>
</marc:datafield>
    <marc:datafield ind1=" " ind2=" " tag="500">
  <marc:subfield code="a">Title from the beginning of the verso side (f. B01).</marc:subfield>
</marc:datafield>
    <marc:datafield ind1=" " ind2=" " tag="500">
  <marc:subfield code="a">Folios are black charcoal khoi paper, with yellow cobalt script and some corrections in chalk; folded concertina- or accordion-style, including covers.</marc:subfield>
</marc:datafield>
    <marc:datafield ind1=" " ind2=" " tag="500">
  <marc:subfield code="a">Possibly written as early as 1822, probably written between 1828 and 1830 (Justin McDaniel).</marc:subfield>
</marc:datafield>
    <marc:datafield ind1=" " ind2=" " tag="520">
  <marc:subfield code="a">Digital facsimile of Book 6 of an epic poem of love and adventure.</marc:subfield>
</marc:datafield>
    <marc:datafield ind1=" " ind2=" " tag="524">
  <marc:subfield code="a">Sunthō̜n Phū, Phra ʻAphaimanī, Book 6 (Penn Museum 97-122-248).  Penn Museum, University of Pennsylvania.</marc:subfield>
</marc:datafield>
    <marc:datafield ind1=" " ind2=" " tag="546">
  <marc:subfield code="a">In Thai.</marc:subfield>
</marc:datafield>
    <marc:datafield ind1="1" ind2=" " tag="561">
  <marc:subfield code="a">Possibly formerly owned by Victor L. Godon, who served as a midshipman and surgeon in the United States Navy in the Pacific, and given by Godon to the American Philosophical Society in the 1830s (note in ink on an APS notecard, dated 17 November 1837, tied to f. 1).</marc:subfield>
</marc:datafield>
    <marc:datafield ind1="1" ind2=" " tag="561">
  <marc:subfield code="a">Housed at the Penn Libraries (cataloged as UPenn Ms. Coll. 390, Item 2992) on loan from the Penn Museum, 1955.</marc:subfield>
</marc:datafield>
    <marc:datafield ind1="1" ind2=" " tag="561">
  <marc:subfield code="a">Returned to the Penn Museum, 2022.</marc:subfield>
</marc:datafield>
    <marc:datafield ind1="1" ind2=" " tag="561">
  <marc:subfield code="a">Possibly formerly in the collection of Wat Thepdhitaram if written while the author was in the monastery there (Justin McDaniel).</marc:subfield>
</marc:datafield>
    <marc:datafield ind1=" " ind2="0" tag="650">
  <marc:subfield code="a">Epic poetry, Thai.</marc:subfield>
  <marc:subfield code="0">http://id.loc.gov/authorities/subjects/sh85044354</marc:subfield>
</marc:datafield>
    <marc:datafield ind1=" " ind2="7" tag="650">
  <marc:subfield code="a">Epic poetry, Thai.</marc:subfield>
  <marc:subfield code="2">fast</marc:subfield>
  <marc:subfield code="0">http://id.worldcat.org/fast/914034</marc:subfield>
</marc:datafield>
    <marc:datafield ind1=" " ind2="7" tag="655">
  <marc:subfield code="a">folded books.</marc:subfield>
  <marc:subfield code="2">aat</marc:subfield>
  <marc:subfield code="0">http://vocab.getty.edu/aat/300200572</marc:subfield>
</marc:datafield>
    <marc:datafield ind1=" " ind2="7" tag="655">
  <marc:subfield code="a">Poetry.</marc:subfield>
  <marc:subfield code="2">lcgft</marc:subfield>
</marc:datafield>
    <marc:datafield ind1=" " ind2="7" tag="655">
  <marc:subfield code="a">epics.</marc:subfield>
  <marc:subfield code="2">aat</marc:subfield>
</marc:datafield>
    <marc:datafield ind1=" " ind2="0" tag="655">
  <marc:subfield code="a">Manuscripts.</marc:subfield>
</marc:datafield>
    <marc:datafield ind1=" " ind2="0" tag="655">
  <marc:subfield code="a">Manuscripts, Thai.</marc:subfield>
</marc:datafield>
    <marc:datafield ind1="1" ind2=" " tag="700">
  <marc:subfield code="a">Godon, Victor L.,</marc:subfield>
  <marc:subfield code="e">former owner.</marc:subfield>
</marc:datafield>
    <marc:datafield ind1="2" ind2=" " tag="710">
  <marc:subfield code="a">American Philosophical Society,</marc:subfield>
  <marc:subfield code="e">former owner.</marc:subfield>
  <marc:subfield code="0">http://id.loc.gov/authorities/names/n79007046</marc:subfield>
</marc:datafield>
    <marc:datafield ind1=" " ind2=" " tag="852">
  <marc:subfield code="b">Kislak Web</marc:subfield>
  <marc:subfield code="a">University of Pennsylvania</marc:subfield>
  <marc:subfield code="j">Penn Museum 97-122-248</marc:subfield>
</marc:datafield>
    <marc:datafield ind1="4" ind2="1" tag="856">
  <marc:subfield code="z">Digital facsimile for browsing (Colenda)</marc:subfield>
  <marc:subfield code="u">https://colenda.library.upenn.edu/catalog/81431-p3db7vs7v</marc:subfield>
</marc:datafield>
    <marc:datafield ind1="1" ind2="0" tag="880">
  <marc:subfield code="6">245-01</marc:subfield>
  <marc:subfield code="a">พระอภัยมณี.</marc:subfield>
  <marc:subfield code="n">เล่ม๖,</marc:subfield>
  <marc:subfield code="f">1828-1830?</marc:subfield>
</marc:datafield>
    <marc:datafield ind1=" " ind2=" " tag="902">
  <marc:subfield code="a">MARCIVE 2022</marc:subfield>
</marc:datafield>
    <marc:datafield ind1=" " ind2=" " tag="994">
  <marc:subfield code="a">C0</marc:subfield>
  <marc:subfield code="b">PAULM</marc:subfield>
</marc:datafield>
    <marc:datafield ind1=" " ind2=" " tag="996">
  <marc:subfield code="a">unbound</marc:subfield>
</marc:datafield>
    <marc:datafield ind1=" " ind2=" " tag="999">
  <marc:subfield code="a">DLA</marc:subfield>
  <marc:subfield code="b">20150826</marc:subfield>
</marc:datafield>
    <marc:holdings>
      <marc:holding>
        <marc:holding_id>22362319970003681</marc:holding_id>
        <marc:call_number>Penn Museum 97-122-248</marc:call_number>
        <marc:library>KislakCntr</marc:library>
        <marc:location>scmsw</marc:location>
      </marc:holding>
    </marc:holdings>
  </marc:record>
</marc:records>
